<?xml version="1.0" encoding="UTF-8"?><record xmlns="http://www.loc.gov/MARC21/slim" xmlns:cinclude="http://apache.org/cocoon/include/1.0" xmlns:zs="http://www.loc.gov/zing/srw/">
  <leader>00628cz  a2200157n  4500</leader>
  <controlfield tag="001">no2005004586</controlfield>
  <controlfield tag="003">DLC</controlfield>
  <controlfield tag="005">20121114075108.0</controlfield>
  <controlfield tag="008">050118n| acannaabn          |a ana     c</controlfield>
  <datafield tag="010" ind1=" " ind2=" ">
    <subfield code="a">no2005004586</subfield>
  </datafield>
  <datafield tag="035" ind1=" " ind2=" ">
    <subfield code="a">(OCoLC)oca06538125</subfield>
  </datafield>
  <datafield tag="040" ind1=" " ind2=" ">
    <subfield code="a">OkU</subfield>
    <subfield code="b">eng</subfield>
    <subfield code="c">OkU</subfield>
    <subfield code="d">OkU</subfield>
  </datafield>
  <datafield tag="110" ind1="1" ind2=" ">
    <subfield code="a">Oklahoma.</subfield>
    <subfield code="b">Office of the Attorney General.</subfield>
    <subfield code="b">Consumer Protection Unit</subfield>
  </datafield>
  <datafield tag="410" ind1="1" ind2=" ">
    <subfield code="a">Oklahoma.</subfield>
    <subfield code="b">Office of the Attorney General.</subfield>
    <subfield code="b">Consumer Protection Division</subfield>
  </datafield>
  <datafield tag="670" ind1=" " ind2=" ">
    <subfield code="a">Reporting consumer fraud, 2004:</subfield>
    <subfield code="b">p. 6 (Consumer Protection Unit, Office of the Attorney General)</subfield>
  </datafield>
  <datafield tag="670" ind1=" " ind2=" ">
    <subfield code="a">Oklahoma Consumer Protection Act, 1991:</subfield>
    <subfield code="b">p. 3 (Consumer Protection Division)</subfield>
  </datafield>
</record>